<record><leader>00000cas a22000007a 4500</leader><controlfield tag="001">25224927</controlfield><controlfield tag="008">920206d19231926wyuwr ne      0    0eng d</controlfield><datafield ind1=" " ind2=" " tag="010"><subfield code="a">sn 92066929 </subfield></datafield><datafield ind1=" " ind2=" " tag="040"><subfield code="a">NVO</subfield><subfield code="b">eng</subfield><subfield code="c">NVO</subfield><subfield code="d">OCLCQ</subfield><subfield code="d">OCLCF</subfield><subfield code="d">OCLCO</subfield></datafield><datafield ind1="1" ind2=" " tag="029"><subfield code="a">AU@</subfield><subfield code="b">000025909065</subfield></datafield><datafield ind1=" " ind2=" " tag="042"><subfield code="a">msc</subfield></datafield><datafield ind1=" " ind2=" " tag="043"><subfield code="a">n-us-wy</subfield></datafield><datafield ind1="0" ind2=" " tag="130"><subfield code="a">Cody enterprise (Cody, Wyo. : 1923)</subfield></datafield><datafield ind1="1" ind2="4" tag="245"><subfield code="a">The Cody enterprise.</subfield></datafield><datafield ind1=" " ind2=" " tag="260"><subfield code="a">Cody, Wyo. :</subfield><subfield code="b">C. Lockhart and C.M. Conger</subfield></datafield><datafield ind1=" " ind2=" " tag="300"><subfield code="a">v.</subfield></datafield><datafield ind1=" " ind2=" " tag="310"><subfield code="a">Weekly</subfield></datafield><datafield ind1="0" ind2=" " tag="362"><subfield code="a">Vol. 24, no. 23 (Jan. 10, 1923)-v. 26, no. 42 (June 2, 1926).</subfield></datafield><datafield ind1=" " ind2=" " tag="515"><subfield code="a">Numbering irregular.</subfield></datafield><datafield ind1=" " ind2="0" tag="651"><subfield code="a">Cody (Wyo.)</subfield><subfield code="v">Newspapers.</subfield></datafield><datafield ind1=" " ind2="7" tag="655"><subfield code="a">Newspapers.</subfield><subfield code="2">fast</subfield><subfield code="0">(OCoLC)fst01423814</subfield></datafield><datafield ind1=" " ind2="7" tag="651"><subfield code="a">Wyoming</subfield><subfield code="z">Cody.</subfield><subfield code="2">fast</subfield><subfield code="0">(OCoLC)fst01220175</subfield></datafield><datafield ind1=" " ind2=" " tag="752"><subfield code="a">United States</subfield><subfield code="b">Wyoming</subfield><subfield code="c">Park</subfield><subfield code="d">Cody.</subfield></datafield><datafield ind1="0" ind2="0" tag="780"><subfield code="t">Cody enterprise and the Park County enterprise</subfield><subfield code="w">(DLC)sn 92066925</subfield></datafield><datafield ind1="0" ind2="7" tag="785"><subfield code="t">Park County herald</subfield><subfield code="w">(DLC)sn 92066928</subfield></datafield><datafield ind1="0" ind2="7" tag="785"><subfield code="t">Cody enterprise and the Park County herald</subfield><subfield code="w">(DLC)sn 92066930</subfield></datafield></record>